% This file was created with JabRef 2.9.2.
% Encoding: UTF8

@MISC{numpy,
  author = {NumPy developers},
  title = {NumPY},
  year = {2019},
  timestamp = {2019.05.18},
  url = {https://www.numpy.org/}
}

@MISC{josm,
  author = {OpenStreetMap project},
  title = {JOSM is an extensible editor for OpenStreetMap (OSM) for Java 8+},
  timestamp = {2019.05.19},
  url = {https://josm.openstreetmap.de/}
}

@MISC{mobilenetssd_github,
  author = {chuanqi305},
  title = {MobileNet-SSD},
  year = {2018},
  journal = {Github},
  timestamp = {2019.05.18},
  url = {https://github.com/chuanqi305/MobileNet-SSD}
}

@MISC{tourexplorer,
  author = {MagicMaps GmbH},
  title = {Tour Explorer 25 Deutschland},
  year = {2019},
  timestamp = {2019.05.19},
  url = {https://www.magicmaps.de/produkte/tourenplanung-am-pc/tour-explorer-25.html}
}

@BOOK{hartley_zisserman,
  author = {Hartley, Richard and Zisserman, Andrew},
  title = {Multiple View Geometry in Computer Vision Edition 2},
  publisher = {Cambridge University Press},
  year = {2003},
  url = {http://cvrs.whu.edu.cn/downloads/ebooks/Multiple\%20View\%20Geometry\%20in\%20Computer\%20Vision\%20(Second\%20Edition).pdf}
}

@ARTICLE{mobilenet,
  author = {Andrew G. Howard and Menglong Zhu and Bo Chen and Dmitry Kalenichenko
	and Weijun Wang and Tobias Weyand and Marco Andreetto and Hartwig
	Adam},
  title = {MobileNets: Efficient Convolutional Neural Networks for Mobile Vision
	Applications},
  year = {2017},
  journal = {CoRR},
  timestamp = {2019.05.18},
  url = {https://arxiv.org/abs/1704.04861}
}

@MISC{kohaf_ergebnisse,
  author = {Ko-HAF},
  title = {Ko-HAF Ergebnisse},
  year = {2018},
  timestamp = {2019.04.24},
  url = {https://www.ko-haf.de/ergebnisse/}
}

@MISC{kohaf_projektpartner,
  author = {Ko-HAF},
  title = {Ko-HAF Projektpartner},
  year = {2018},
  timestamp = {2019.04.24},
  url = {https://www.ko-haf.de/konsortium/}
}

@ARTICLE{unterschied_fahren,
  author = {Andreas Kuhn},
  title = {Was ist der Unterschied zwischen autonomen, automatisierten, vernetzten, kooperativen Fahren?},
  journal = {ANDATA},
  year = {2018},
  timestamp = {2019.03.10},
  url = {https://www.andata.at/de/antwort/was-ist-der-unterschied-zwischen-autonomen-automatisierten-vernetzten-kooperativen-fahren.html}
}

@ARTICLE{c2c_c2i,
  author = {Barbara Lange},
  title = {Sichtweite erhöhen},
  journal = {heise online},
  year = {2009},
  timestamp = {2019.04.24},
  url = {https://www.heise.de/ix/artikel/Sichtweite-erhoehen-820516.html}
}

@ARTICLE{ssd,
  author = {Wei Liu and Dragomir Anguelov and Dumitru Erhan and Christian Szegedy
	and Scott E. Reed and Cheng{-}Yang Fu and Alexander C. Berg},
  title = {{SSD:} Single Shot MultiBox Detector},
  journal = {CoRR},
  year = {2015},
  timestamp = {2019.05.18},
  url = {http://arxiv.org/abs/1512.02325}
}

@ARTICLE{pyimagesearch,
  author = {Adrian Rosebrock},
  title = {Object detection with deep learning and OpenCV},
  journal = {pyimagesearch},
  year = {2017},
  timestamp = {2019.05.18},
  url = {https://www.pyimagesearch.com/2017/09/11/object-detection-with-deep-learning-and-opencv/}
}

@MISC{gimp,
  author = {The GIMP Team},
  title = {GNU IMAGE MANIPULATION PROGRAM (GIMP)},
  timestamp = {2019.05.19},
  url = {https://www.gimp.org/}
}

@MISC{geosn,
  author = {Staatsbetrieb Geobasisinformation und Vermessung Sachsen (GeoSN)},
  title = {Webdienste für Luftbilder (Digitale Orthophotos)},
  timestamp = {2019.05.19},
  url = {http://www.landesvermessung.sachsen.de/inhalt/info/archiv/2015/150120/150120.html}
}
