@BOOK{numpy,
  author = {NumPy developers},
  publisher = {NumPy},
  title = {NumPy},
  year = {2019},
  url = {https://www.numpy.org/}
}

@BOOK{josm,
  publisher = {OpenStreetMap},
  year = {2019},
  title = {JOSM is an extensible editor for OpenStreetMap (OSM) for Java 8+},
  url = {https://josm.openstreetmap.de/}
}

@BOOK{mobilenetssd_github,
  author = {chuanqi305},
  title = {MobileNet-SSD},
  year = {2018},
  publisher = {Github},
  url = {https://github.com/chuanqi305/MobileNet-SSD}
}

@BOOK{tourexplorer,
  title = {Tour Explorer 25 Deutschland},
  year = {2019},
  publisher = {MagicMaps GmbH},
  url = {https://www.magicmaps.de/produkte/tourenplanung-am-pc/tour-explorer-25.html}
}

@BOOK{hartley_zisserman,
  author = {Hartley, Richard and Zisserman, Andrew},
  title = {Multiple View Geometry in Computer Vision Edition 2},
  publisher = {Cambridge University Press},
  year = {2003},
  url = {http://cvrs.whu.edu.cn/downloads/ebooks/Multiple\%20View\%20Geometry\%20in\%20Computer\%20Vision\%20(Second\%20Edition).pdf}
}

@BOOK{mobilenet,
  author = {Andrew G. Howard and Menglong Zhu and Bo Chen and Dmitry Kalenichenko
	and Weijun Wang and Tobias Weyand and Marco Andreetto and Hartwig
	Adam},
  title = {MobileNets: Efficient Convolutional Neural Networks for Mobile Vision
	Applications},
  year = {2017},
  publisher = {CoRR},
  url = {https://arxiv.org/abs/1704.04861}
}

@BOOK{kohaf_ergebnisse,
  publisher = {Ko-HAF},
  title = {Ko-HAF Ergebnisse},
  year = {2018},
  url = {https://www.ko-haf.de/ergebnisse/}
}

@BOOK{kohaf_projektpartner,
  publisher = {Ko-HAF},
  title = {Ko-HAF Projektpartner},
  year = {2018},
  timestamp = {2019.04.24},
  url = {https://www.ko-haf.de/konsortium/}
}

@BOOK{unterschied_fahren,
  author = {Andreas Kuhn},
  title = {Was ist der Unterschied zwischen autonomen, automatisierten, vernetzten, kooperativen Fahren?},
  publisher = {ANDATA},
  year = {2018},
  url = {https://www.andata.at/de/antwort/was-ist-der-unterschied-zwischen-autonomen-automatisierten-vernetzten-kooperativen-fahren.html}
}

@BOOK{c2c_c2i_heise,
  author = {Barbara Lange},
  title = {Sichtweite erhöhen},
  publisher = {heise online},
  year = {2009},
  url = {https://www.heise.de/ix/artikel/Sichtweite-erhoehen-820516.html}
}

@BOOK{c2c_c2x_koblenz,
  author = {Prof. Dr. Dieter Zöbel},
  title = {``Car 2 Car/Car 2 X'' Kommunikation},
  year = {2009},
  publisher = {Universität Koblenz-Landau},
  url = {https://www.uni-koblenz-landau.de/de/koblenz/fb4/ist/AGZoebel/Lehre/ss09/Seminar09/graf}
}

@BOOK{ssd,
  author = {Wei Liu and Dragomir Anguelov and Dumitru Erhan and Christian Szegedy
	and Scott E. Reed and Cheng{-}Yang Fu and Alexander C. Berg},
  title = {{SSD:} Single Shot MultiBox Detector},
  publisher = {CoRR},
  year = {2015},
  url = {http://arxiv.org/abs/1512.02325}
}

@BOOK{pyimagesearch,
  author = {Adrian Rosebrock},
  title = {Object detection with deep learning and OpenCV},
  publisher = {pyimagesearch},
  year = {2017},
  url = {https://www.pyimagesearch.com/2017/09/11/object-detection-with-deep-learning-and-opencv/}
}

@BOOK{gimp,
  author = {The GIMP Team},
  title = {GNU Image Manipulation Program (GIMP)},
  year = {2019},
  publisher = {GIMP},
  url = {https://www.gimp.org/}
}

@BOOK{geosn,
  publisher = {Staatsbetrieb Geobasisinformation und Vermessung Sachsen (GeoSN)},
  title = {Webdienste für Luftbilder (Digitale Orthophotos)},
  year = {2016},
  url = {http://www.landesvermessung.sachsen.de/inhalt/info/archiv/2015/150120/150120.html}
}

@BOOK{git,
  title = {Git is a free and open source distributed version control system},
  year = {2019},
  publisher = {Git},
  url = {https://git-scm.com/}
}

@BOOk{cyrill_stachniss_hc,
title = {Photogrammetry I - 14 - Homogeneous Coordinates},
author = {Cyrill Stachniss},
publisher = {YouTube},
year = {2015},
url = {https://www.youtube.com/watch?v=ZNB6SpEBnBQ}
}

@BOOk{cyrill_stachniss_cei,
title = {Photogrammetry I - 15 - Camera Extrinsics and Intrinsics},
author = {Cyrill Stachniss},
publisher = {YouTube},
year = {2015},
url = {https://www.youtube.com/watch?v=DX2GooBIESs}
}

@BOOk{cyrill_stachniss_dlt,
title = {Photogrammetry I - 16 - DLT \& Camera Calibration},
author = {Cyrill Stachniss},
publisher = {YouTube},
year = {2015},
url = {https://www.youtube.com/watch?v=ywternCEqSU}
}

@BOOK{blender,
title = {Blender is the free and open source 3D creation suite},
publisher = {blender},
year = {2019},
url = {https://www.blender.org/}
}

@BOOK{ransac,
author = {Fischler, Martin A. and Bolles, Robert C.},
title = {Random Sample Consensus: A Paradigm for Model Fitting with Applications to Image Analysis and Automated Cartography},
publisher = {Communications of the ACM},
year = {1981}
}

@BOOK{cbir,
title = {Different Approaches of CBIR Techniques},
author = {Singh, Jagpal and Singh Kaleka, Jashanbir and Sharma, Reecha},
year = {2019},
publisher = {ResearchGate},
url = {https://www.researchgate.net/publication/266169223_Different_Approaches_of_CBIR_Techniques}
}

@BOOK{5g,
title = {An Overview of Fifth Generation (5G) Technology for Advanced Mobile and Wireless Communication Services},
author = {Singh, Satbir and Singh, Hemant and Singh, Tanvir},
year = {2016},
publisher = {ResearchGate},
url = {https://www.researchgate.net/publication/305774984_An_Overview_of_Fifth_Generation_5G_Technology_for_Advanced_Mobile_and_Wireless_Communication_Services}
}
